@article{Kemp2013RMTNotes,
  title={Math 247a: Introduction to random matrix theory},
  author={Kemp, Todd},
  journal={Lecture notes},
  pages={3--4},
  year={2013}
}
